@book{binmore1998,
  author = "Binmore, Ken",
  title = "Just Playing (Game Theory and the Social Contract, vol. 2)",
  publisher = "Cambridge: The MIT Press",
  note = " ",
  year = {1998},
}