@book{binmore2005,
  author = "Binmore, Ken",
  title = "Natural Justice",
  publisher = "New York: Oxford University Press",
  note = " ",
  year = 2005,
}