@book{binmore1994,
  author = "Binmore, Ken",
  title = "Playing Fair (Game Theory and the Social Contract; vol 1)",
  publisher = "Cambridge: The MIT Press",
  note = " ",
  year = {1994},
}