@misc{edna1977emergence,
  title={The emergence of norms},
  author={Edna, Ullmann-Margalit},
  year={1977},
  publisher={Oxford, Clarendon Press}
}