@misc{edna1977,
  title={The Emergence of Norms},
  author={Edna, Ullmann-Margalit},
  year={1977},
  publisher={Oxford, Clarendon Press}
}