@misc{facebook, 
  url             = {https://facebook.com/}, 
  title           = {Facebook},
  note         = {https://facebook.com/}
}