@book{gauthier1986morals,
  title={Morals by agreement},
  author={Gauthier, David},
  year={1986},
  publisher={Oxford University Press on Demand}
}