@misc{google, 
  url             = {https://google.com/}, 
  title           = {Google},
  note         = {https://google.com/}
}