@misc{gsma2020, 
  url={https://www.gsma.com/mobileeconomy/wp-content/uploads/2020/03/GSMA_MobileEconomy2020_Global.pdf},  
  title={The Mobile Economy 2020},
  journal={The Mobile Economy 2020}, 
  author={GSMA},
  year={2020}
} 