@article{harsanyi1955,
  title={Cardinal Welfare, Individualistic Ethics, and Interpersonal Comparisons of Utility},
  author={Harsanyi, John C},
  journal={Journal of Political Economy},
  volume={63},
  number={4},
  pages={309-321},
  year={1955}
}
