@book{hume2020original,
  title={Of the original contract},
  author={Hume, David},
  volume={1},
  year={1752},
  publisher={Library of Alexandria}
}