@article{lamport1982,
  title={The Byzantine Generals Problem},
  author={Lamport, Leslie and Shostck, Robert and Pease, Marshall},
  journal={ACM Transactions on Programming Languages and Systems},
  volume={4},
  number={3},
  pages={382--401},
  year={1982}
}