@book{machie1977ethics,
  title={Ethics},
  author={Mackie, John},
  year={1977},
  publisher={Penguin Books Ltd}
}