@misc{mitamoto2021, 
  url             = {https://github.com/nontangent/social-contract}, 
  author={Miyamoto, Nozomu},
  title           = {本研究のソースコード | GitHub},
  note         = {https://github.com/nontangent/social-contract}
}