@article{nakamoto2008bitcoin,
  added-at = {2017-05-11T17:26:19.000+0200},
  author = {Nakamoto, Satoshi},
  biburl = {https://www.bibsonomy.org/bibtex/26057a4452aa71a0b86e6d83dfb251bea/jonathandinu},
  interhash = {45e47b41441e358a0aecd56cdfc9245a},
  intrahash = {6057a4452aa71a0b86e6d83dfb251bea},
  keywords = {critical_cooperation peeri sre},
  timestamp = {2017-05-11T18:58:05.000+0200},
  title = {Bitcoin: A peer-to-peer electronic cash system},
  year = {2008}
}