@book{rawls1971,
  author          = {Rawls, John},
  title           = {A Theory of Justice},
  publisher       = {Cambridge: Harvard University Press},
  year            = {1971},
}