@book{rousseau1999discourse,
  title={Discourse on the Origin of Inequality},
  author={Rousseau, Jean-Jacques},
  year={1755},
}