@book{saito2017,
  author = "Saito, Kenji",
  title = "信用の新世紀　 ブロックチェーン後の未来",
  publisher = "インプレスR\&D",
  note = " ",
  year = 2017,
}