@article{saito&ikemoto2008,
  author          = {Saito, Kenji and Ikemoto, Shugo},
  title           = {地球規模OS 外殻(シェル)の開発と応用 },
  year            = {2008},
  url             = {https://www.ipa.go.jp/files/000006870.pdf},
}