@InCollection{sep-game-ethics,
	author       =	{Verbeek, Bruno and Morris, Christopher},
	title        =	{{Game Theory and Ethics}},
	booktitle    =	{The {Stanford} Encyclopedia of Philosophy},
	editor       =	{Edward N. Zalta},
	howpublished =	{\url{https://plato.stanford.edu/archives/win2020/entries/game-ethics/}},
	year         =	{2020},
	edition      =	{{W}inter 2020},
	publisher    =	{Metaphysics Research Lab, Stanford University}
}