@InCollection{sep-bounded-rationality,
	author       =	{Wheeler, Gregory},
	title        =	{{Bounded Rationality}},
	booktitle    =	{The {Stanford} Encyclopedia of Philosophy},
	editor       =	{Edward N. Zalta},
	howpublished =	{\url{https://plato.stanford.edu/archives/fall2020/entries/bounded-rationality/}},
	year         =	{2020},
	edition      =	{{F}all 2020},
	publisher    =	{Metaphysics Research Lab, Stanford University}
}