@book{simon1947,
  author         = {Simon, Herbert A},
  editor         = {Macmillan},
  title          = {Administrative behavior; a study of decision-making processes in administrative organization},
  publisher      = {},
  year           = {1947}
}