@book{skyrms1996,
  title={Evolution of the social contract},
  author={Skyrms, Brian},
  year={1996},
  publisher={Cambridge University Press}
}