@inproceedings{skyrms2001,
  title={The stag hunt},
  author={Skyrms, Brian},
  booktitle={Proceedings and Addresses of the American Philosophical Association},
  volume={75},
  number={2},
  pages={31--41},
  year={2001},
  organization={JSTOR}
}