@book{skyrms2004,
  title={The stag hunt and the evolution of social structure},
  author={Skyrms, Brian},
  year={2004},
  publisher={Cambridge University Press}
}