@book{skyrms2014,
  title={Evolution of the social contract},
  author={Skyrms, Brian},
  year={2014},
  publisher={Cambridge University Press}
}