@book{sugden1986,
  author         = {Sugden, Robert},
  editor         = {},
  title          = {The Economics of Rights, Co-operation and Welfare},
  publisher      = {Oxford: Basil Blackwell},
  year           = {1986}
}